@article{docking_to_ensemble,
issn = {0022-2836},
journal = "Journal of {M}olecular {B}iology",
pages = {424--440},
volume = {266},
publisher = {Academic Press},
number = {2},
year = {1997},
title = "Molecular {D}ocking to {E}nsembles of {P}rotein {S}tructures",
language = {eng},
address = {LONDON},
author = {Knegtel R.M.A and Kuntz I.D and Oshiro C.M}
}

@article{cryptic_review,
issn = {0001-4842},
journal = "Accounts of {C}hemical {R}esearch",
pages = {654--661},
volume = {53},
publisher = {American Chemical Society},
number = {3},
year = {2020},
title = "Investigating {C}ryptic {B}inding {S}ites by {M}olecular {D}ynamics {S}imulations",
language = {eng},
address = {WASHINGTON},
author = {Kuzmanic, Antonija and Bowman, Gregory R and Juarez-Jimenez, Jordi and Michel, Julien and Gervasio, Francesco L}
}

@article{cosolvent_framework,
issn = {1549-9618},
journal = "Journal of {C}hemical {T}heory and {C}omputation",
pages = {3331--3343},
volume = {15},
publisher = {American Chemical Society},
number = {5},
year = {2019},
title = "Cosolvent-{E}nhanced {S}ampling and {U}nbiased {I}dentification of {C}ryptic {P}ockets {S}uitable for {S}tructure-{B}ased {D}rug {D}esign",
language = {eng},
address = {United States},
author = {Schmidt, Denis and Boehm, Markus and McClendon, Christopher L and Torella, Rubben and Gohlke, Holger},
}

@article{ensemble_discovery,
issn = {0006-3495},
journal = "Biophysical {J}ournal",
pages = {2271--2278},
volume = {114},
publisher = {CELL PRESS},
number = {10},
year = {2018},
title = "Ensemble {D}ocking in {D}rug {D}iscovery",
copyright = {Copyright 2018 Elsevier B.V., All rights reserved.},
language = {eng},
address = {CAMBRIDGE},
author = {Amaro, Rommie E and Baudry, Jerome and Chodera, John and Demir, \"Ozlem and McCammon, J. Andrew and Miao, Yinglong and Smith, Jeremy C},
organization = {Oak Ridge National Lab. (ORNL), Oak Ridge, TN (United States)},
}

@article{understanding_crypt,
issn = {0002-7863},
journal = "Journal of the {A}merican {C}hemical {S}ociety",
pages = {14257--14263},
volume = {138},
publisher = {American Chemical Society},
number = {43},
year = {2016},
title = "Understanding {C}ryptic {P}ocket {F}ormation in {P}rotein {T}argets by {E}nhanced {S}ampling {S}imulations",
language = {eng},
address = {WASHINGTON},
author = {Oleinikovas, Vladimiras and Saladino, Giorgio and Cossins, Benjamin P and Gervasio, Francesco L},
}

@article{cryptosite,
issn = {0022-2836},
journal = "Journal of {M}olecular {B}iology",
pages = {709--719},
volume = {428},
publisher = {Elsevier Ltd},
number = {4},
year = {2016},
title = "Crypto{S}ite: {E}xpanding the {D}ruggable {P}roteome by {C}haracterization and {P}rediction of {C}ryptic {B}inding {S}ites",
copyright = {2016},
language = {eng},
address = {LONDON},
author = {Cimermancic, Peter and Weinkam, Patrick and Rettenmaier, T. Justin and Bichmann, Leon and Keedy, Daniel A and Woldeyes, Rahel A and Schneidman-Duhovny, Dina and Demerdash, Omar N and Mitchell, Julie C and Wells, James A and Fraser, James S and Sali, Andrej},
}

@article{cosolvent_md,
issn = {1549-9596},
journal = "Journal of {C}hemical {I}nformation and {M}odeling",
pages = {742--756},
volume = {57},
publisher = {American Chemical Society},
number = {4},
year = {2017},
title = "Cosolvent-{B}ased {M}olecular {D}ynamics for {E}nsemble {D}ocking: {P}ractical {M}ethod for {G}enerating {D}ruggable {P}rotein {C}onformations",
language = {eng},
address = {WASHINGTON},
author = {Uehara, Shota and Tanaka, Shigenori},
}

@article{msm_exp,
issn = {1932-6203},
journal = "{PloS ONE}",
pages = {e0178678--e0178678},
volume = {12},
publisher = {PUBLIC LIBRARY SCIENCE},
number = {6},
year = {2017},
title = {Designing small molecules to target cryptic pockets yields both positive and negative allosteric modulators},
copyright = {Copyright 2017 Elsevier B.V., All rights reserved.},
language = {eng},
address = {SAN FRANCISCO},
author = {Hart, Kathryn M and Moeder, Katelyn E and Ho, Chris M. W and Zimmerman, Maxwell I and Frederick, Thomas E and Bowman, Gregory R},
}

@article{cosolvent_analysis_toolkit,
issn = {2045-2322},
journal = "Scientific {R}eports",
pages = {19118--14},
volume = {9},
publisher = {NATURE PUBLISHING GROUP},
number = {1},
year = {2019},
title = {Cosolvent Analysis Toolkit (CAT): a robust hotspot identification platform for cosolvent simulations of proteins to expand the druggable proteome},
language = {eng},
address = {LONDON},
author = {Zariquiey, Francesc Saban\'es and de Souza, Joao V and Bronowska, Agnieszka K},
}

@article{cosolvent_based,
issn = {1549-9596},
journal = "Journal of {C}hemical {I}nformation and {M}odeling",
pages = {3572--3583},
volume = {59},
publisher = {American Chemical Society},
number = {8},
year = {2019},
title = "Cosolvent-{B}ased {P}rotein {P}harmacophore for {L}igand {E}nrichment in {V}irtual {S}creening",
language = {eng},
address = {WASHINGTON},
author = {Arcon, Juan Pablo and Defelipe, Lucas A and Lopez, Elias D and Burastero, Osvaldo and Modenutti, Carlos P and Barril, Xavier and Marti, Marcelo A and Turjanski, Adrian G},
}

@article{benzene_mapping,
issn = {1549-9618},
journal = "Journal of {C}hemical {T}heory and {C}omputation",
pages = {5948--5959},
volume = {16},
publisher = {American Chemical Society},
number = {9},
year = {2020},
title = "A {B}enzene-{M}apping {A}pproach for {U}ncovering {C}ryptic {P}ockets in {M}embrane-{B}ound {P}roteins",
language = {eng},
address = {WASHINGTON},
author = {Zuzic, Lorena and Marzinek, Jan K and Warwicker, Jim and Bond, Peter J},
}

@article{rdrp,
issn = {2405-8440},
journal = "Heliyon",
pages = {e04502--e04502},
volume = {6},
publisher = {Elsevier Ltd},
number = {7},
year = {2020},
title = "{SARS-CoV-2} {RNA} {D}ependent {RNA} polymerase ({RdRp}) - {A} drug repurposing study",
copyright = {2020},
language = {eng},
author = {Ahmad, Jamshaid and Ikram, Saima and Ahmad, Fawad and Rehman, Irshad Ur and Mushtaq, Maryam},
}

@article{rdrp_virtual_screening,
issn = {1664-8021},
journal = "Frontiers in {G}enetics",
pages = {581668--581668},
volume = {11},
publisher = {FRONTIERS MEDIA SA},
year = {2020},
title = "Identification of {P}otential {K}ey {A}gents for {T}argeting {RNA}-{D}ependent {RNA} {P}olymerase of {SARS-CoV-2} by {I}ntegrated {A}nalysis and {V}irtual {D}rug {S}creening",
copyright = {Copyright 2020 Elsevier B.V., All rights reserved.},
language = {eng},
address = {LAUSANNE},
author = {Ao, Shuang and Han, Dan and Sun, Lei and Wu, Yanhong and Liu, Shuang and Huang, Yaojiang},
}

@article{rdrp_virtual_screening2,
issn = {0146-6615},
journal = "Journal of {M}edical {V}irology",
pages = {389--400},
volume = {93},
publisher = {WILEY},
number = {1},
year = {2021},
title = "{SARS‐CoV‐2} and {SARS‐CoV}: {V}irtual screening of potential inhibitors targeting {RNA}‐dependent {RNA} polymerase activity ({NSP12})",
copyright = {2020 Wiley Periodicals LLC},
language = {eng},
address = {HOBOKEN},
author = {Ruan, Zijing and Liu, Chao and Guo, Yuting and He, Zhenqing and Huang, Xinhe and Jia, Xu and Yang, Tai},
}

@article{rdrp_virtual_screening3,
issn = {2167-8359},
journal = "PeerJ ({S}an {F}rancisco, {CA})",
pages = {e10480--e10480},
volume = {8},
publisher = {PEERJ INC},
year = {2020},
title = "Repurposing {FDA}-approved phytomedicines, natural products, antivirals and cell protectives against {SARS-CoV-2} ({COVID-19}) {RNA}-dependent {RNA} polymerase",
copyright = {Copyright 2020 Elsevier B.V., All rights reserved.},
language = {eng},
address = {LONDON},
author = {Kandeel, Mahmoud and Kitade, Yukio and Almubarak, Abdullah},
}

@mastersthesis{benzene_lj_optim,
author = "Soni, Abhishek",
year = {2017},
title = "Uncovering {C}ryptic {P}ockets in {B}iologically {R}elevant {P}roteins: {A}n {I}mproved {C}omputational {M}ethodology",
school = "Indian Institute of Science Education and Research",
address = "Pune, Maharashtra, India",
url = "\url{http://dr.iiserpune.ac.in:8080/xmlui/handle/123456789/831/}"
}

@article{autodock,
issn = {1754-2189},
journal = "Nature {P}rotocols",
pages = {905--919},
volume = {11},
publisher = {NATURE PUBLISHING GROUP},
number = {5},
year = {2016},
title = {Computational protein-ligand docking and virtual drug screening with the AutoDock suite},
copyright = {Copyright 2018 Elsevier B.V., All rights reserved.},
language = {eng},
address = {LONDON},
author = {Forli, Stefano and Huey, Ruth and Pique, Michael E and Sanner, Michel F and Goodsell, David S and Olson, Arthur J},
}


@article{mdpocket,
issn = {1367-4803},
journal = "Bioinformatics",
pages = {3276--3285},
volume = {27},
publisher = {Oxford University Press},
number = {23},
year = {2011},
title = {MDpocket: open-source cavity detection and characterization on molecular dynamics trajectories},
language = {eng},
address = {OXFORD},
author = {Schmidtke, Peter and Bidon-Chanal, Axel and Luque, F. Javier and Barril, Xavier},
}

@article{pocketanalyzer,
issn = {1549-9596},
journal = "Journal of {C}hemical {I}nformation and {M}odeling",
pages = {2666--2679},
volume = {51},
publisher = {American Chemical Society},
number = {10},
year = {2011},
title = "Pocket-{S}pace {M}aps {T}o {I}dentify {N}ovel {B}inding-{S}ite {C}onformations in {P}roteins",
language = {eng},
address = {WASHINGTON},
author = {Craig, Ian R and Pfleger, Christopher and Gohlke, Holger and Essex, Jonathan W and Spiegel, Katrin},
}

@article{vina,
issn = {0192-8651},
journal = "Journal of {C}omputational {C}hemistry",
pages = {455--461},
volume = {31},
publisher = {Wiley Subscription Services, Inc., A Wiley Company},
number = {2},
year = {2010},
title = {AutoDock Vina: Improving the speed and accuracy of docking with a new scoring function, efficient optimization, and multithreading},
language = {eng},
address = {Hoboken},
author = {Trott, Oleg and Olson, Arthur J},
}

@article{enrichment,
issn = {2079-7737},
journal = "Biology ({B}asel, {S}witzerland)",
pages = {344--366},
volume = {4},
publisher = {MDPI AG},
number = {2},
year = {2015},
title = {Enrichment of druggable conformations from apo protein structures using cosolvent-accelerated molecular dynamics},
language = {eng},
address = {Switzerland},
author = {Kalenkiewicz, Andrew and Grant, Barry J and Yang, Chao-Yie},
}

@article{autodock_eval,
issn = {1549-9596},
journal = "Journal of {C}hemical {I}nformation and {M}odeling",
pages = {1697--1706},
volume = {58},
publisher = {American Chemical Society},
number = {8},
year = {2018},
title = "Evaluation of {A}uto{D}ock and {A}uto{D}ock {V}ina on the {CASF-2013} {B}enchmark",
language = {eng},
address = {WASHINGTON},
author = {Gaillard, Thomas},
}

@misc{ml_inhibitors,
year = {2020},
title = "Predicting inhibitors for {SARS-CoV-2} {RNA}-dependent {RNA} polymerase using machine learning and virtual screening",
language = {eng},
author = {Cozac, Romeo and Medzhidov, Nazim and Yuki, Shinya},
howpublished = {\url{arxiv.org}}
}

@article{new_frontiers,
issn = {0022-2623},
journal = "Journal of {M}edicinal {C}hemistry",
pages = {9063--9088},
volume = {58},
publisher = {American Chemical Society},
number = {23},
year = {2015},
title = {New Frontiers in Druggability},
language = {eng},
address = {WASHINGTON},
author = {Kozakov, Dima and Hall, David R and Napoleon, Raeanne L and Yueh, Christine and Whitty, Adrian and Vajda, Sandor},
}

@article{ftmap,
issn = {0305-1048},
journal = "Nucleic {A}cids {R}esearch",
pages = {W271--W275},
volume = {40},
publisher = {OXFORD UNIV PRESS},
number = {1},
year = {2012},
title = "{FTMAP}: {E}xtended protein mapping with user-selected probe molecules",
language = {eng},
address = {OXFORD},
author = {Ngan, Chi Ho and Bohnuud, Tanggis and Mottarella, Scott E and Beglov, Dmitri and Villar, Elizabeth A and Hall, David R and Kozakov, Dima and Vajda, Sandor},
}

@article{receptor_flex,
issn = {0301-4622},
journal = "Biophysical {C}hemistry",
pages = {31--45},
volume = {186},
publisher = {Elsevier B.V},
year = {2014},
title = {Exploring the role of receptor flexibility in structure-based drug discovery},
language = {eng},
address = {AMSTERDAM},
author = {Feixas, Ferran and Lindert, Steffen and Sinko, William and McCammon, J. Andrew},
}

@article{24clusters-vina,
issn = {0022-2623},
journal = "Journal of {M}edicinal {C}hemistry",
pages = {5025--5032},
volume = {53},
publisher = {American Chemical Society},
number = {13},
year = {2010},
title = "Computer-{A}ided {I}dentification of {T}rypanosoma brucei {U}ridine {D}iphosphate {G}alactose 4'-{E}pimerase {I}nhibitors: {T}oward the {D}evelopment of {N}ovel {T}herapies for {A}frican {S}leeping {S}ickness",
language = {eng},
address = {WASHINGTON},
author = {Durrant, Jacob D and Urbaniak, Michael D and Ferguson, Michael A. J and McCammon, J. Andrew},
}

@article{clusters_vina2,
issn = {1747-0277},
journal = "Chemical {B}iology \& {D}rug {D}esign",
pages = {323--332},
volume = {78},
publisher = {Blackwell Publishing Ltd},
number = {3},
year = {2011},
title = "Non‐{B}isphosphonate {I}nhibitors of {I}soprenoid {B}iosynthesis {I}dentified via {C}omputer‐{A}ided {D}rug {D}esign",
language = {eng},
address = {Oxford, UK},
author = {Durrant, Jacob D and Cao, Rong and Gorfe, Alemayehu A and Zhu, Wei and Li, Jikun and Sankovsky, Anna and Oldfield, Eric and McCammon, J. Andrew},
}

@article{mapping_binding_sites,
issn = {1747-0277},
journal = "Chemical {B}iology \& {D}rug {D}esign",
pages = {201--217},
volume = {76},
publisher = {Blackwell Publishing Ltd},
number = {3},
year = {2010},
title = {Mapping the Druggable Allosteric Space of G‐Protein Coupled Receptors: a Fragment‐Based Molecular Dynamics Approach},
language = {eng},
address = {Oxford, UK},
author = {Ivetac, Anthony and Andrew McCammon, J},
}

@article{protein_md_review,
issn = {1469-221X},
journal = "{EMBO} {R}eports",
pages = {144--150},
volume = {9},
publisher = {John Wiley \& Sons, Ltd},
number = {2},
year = {2008},
title = {Molecular simulations of protein dynamics: new windows on mechanisms in biology},
language = {eng},
address = {Chichester, UK},
author = {Lane, David P and Dodson, Guy G and Verma, Chandra S},
}

@article{relaxed_complex_scheme,
issn = {0920-654X},
journal = "Journal of {C}omputer-aided {M}olecular {D}esign",
pages = {693--705},
volume = {22},
publisher = {Springer Netherlands},
number = {9},
year = {2008},
title = {An improved relaxed complex scheme for receptor flexibility in computer-aided drug design},
language = {eng},
address = {Dordrecht},
author = {Amaro, Rommie E and Baron, Riccardo and McCammon, J Andrew},
}

@article{prot-prot_ensemble_docking,
issn = {0887-3585},
journal = "Proteins, {S}tructure, {F}unction, and {B}ioinformatics",
pages = {924--937},
volume = {85},
number = {5},
year = {2017},
title = {Monte Carlo replica-exchange based ensemble docking of protein conformations: Replica-exchange Ensemble Docking},
language = {eng},
author = {Zhang, Zhe and Ehmann, Uwe and Zacharias, Martin},
}

@article{dogsitescorer,
issn = {1367-4803},
journal = "Bioinformatics",
pages = {2074--2075},
volume = {28},
publisher = {OXFORD UNIV PRESS},
number = {15},
year = {2012},
title = {Dogsitescorer: A web server for automatic binding site prediction, analysis and druggability assessment},
language = {eng},
address = {OXFORD},
author = {Volkamer, Andrea and Kuhn, Daniel and Rippmann, Friedrich and Rarey, Matthias},
}

@article{elastic_NN_ensemble,
issn = {1549-9596},
journal = "Journal of {C}hemical {I}nformation and {M}odeling",
pages = {2939--2950},
volume = {60},
publisher = {AMER CHEMICAL SOC},
number = {6},
year = {2020},
title = "Higher {A}ccuracy {A}chieved for {P}rotein-{L}igand {B}inding {P}ose {P}rediction by {E}lastic {N}etwork {M}odel-{B}ased {E}nsemble {D}ocking",
language = {eng},
address = {WASHINGTON},
author = {Wang, Anhui and Zhang, Yuebin and Chu, Huiying and Liao, Chenyi and Zhang, Zhichao and Li, Guohui},
}

@article{ensemble_screening,
issn = {1612-1872},
journal = "Chemistry \& {B}iodiversity",
pages = {e1900170},
volume = {16},
publisher = {WILEY-V C H VERLAG GMBH},
number = {7},
year = {2019},
title = "Virtual {S}creening {B}ased on {E}nsemble {D}ocking {T}argeting {W}ild‐{T}ype p53 for {A}nticancer {D}rug {D}iscovery",
language = {eng},
address = {WEINHEIM},
author = {Li, Xin and Zhang, Xin‐Xin and Lin, Yu‐Xi and Xu, Xi‐Ming and Li, Li and Yang, Jin‐Bo},
}

@article{ensemble_3clpro,
issn = {0739-1102},
journal = "Journal of {B}iomolecular {S}tructure \& {D}ynamics",
pages = {1--21},
publisher = {TAYLOR \& FRANCIS INC},
year = {2020},
title = "Drug repurposing studies targeting {SARS-CoV-2}: an ensemble docking approach on drug target {3C}-like protease ({3CL}(pro))",
language = {eng},
address = {PHILADELPHIA},
author = {Koulgi, Shruti and Jani, Vinod and Uppuladinne, Mallikarjunachari and Sonavane, Uddhavesh and Nath, Asheet Kumar and Darbari, Hemant and Joshi, Rajendra},
}

@article{2d-3dscreening,
issn = {1420-3049},
journal = "Molecules ({B}asel, {S}witzerland)",
pages = {7008--7039},
volume = {19},
publisher = {MDPI},
number = {6},
year = {2014},
title = {Combination of 2D/3D ligand-based similarity search in rapid virtual screening from multimillion compound repositories. Selection and biological evaluation of potential PDE4 and PDE5 inhibitors},
language = {eng},
address = {BASEL},
author = {Dobi, Krisztina and Hajd\'u, István and Flachner, Be\'ata and Fab\'o, Gabriella and Szaszk\'o, M\'aria and Bogn\'ar, Melinda and Magyar, Csaba and Simon, Istv\'an and Szisz, D\'aniel and L{\H o}rincz, Zsolt and Cseh, S\'andor and Dorm\'an, Gy\"orgy},
}

@article{fragment_based,
issn = {1474-1776},
journal = "Nature {R}eviews. {D}rug {D}iscovery",
pages = {211--219},
volume = {5},
publisher = {NATURE PUBLISHING GROUP},
number = {3},
year = {2007},
title = {A decade of fragment-based drug design: strategic advances and lessons learned},
language = {eng},
address = {LONDON},
author = {Greer, Jonathan and Hajduk, Philip J},
}

@article{comp_similarity_coefs,
author = {Whittle, Martin and Gillet, Valerie J. and Willett, Peter and Alex, Alexander and Loesel, Jens},
title = "{Enhancing the Effectiveness of Virtual Screening by Fusing Nearest Neighbor Lists: A Comparison of Similarity Coefficients}",
journal = "Journal of {C}hemical {I}nformation and {C}omputer {S}ciences",
volume = {44},
number = {5},
pages = {1840-1848},
year = {2004},
doi = {10.1021/ci049867x},
}

@article{geometric_embedding,
issn = {1367-4803},
journal = "Bioinformatics",
pages = {953--959},
volume = {26},
publisher = {OXFORD UNIV PRESS},
number = {7},
year = {2010},
title = {Accelerated similarity searching and clustering of large compound sets by geometric embedding and locality sensitive hashing},
language = {eng},
address = {OXFORD},
author = {Cao, Yiqun and Jiang, Tao and Girke, Thomas},
}

@article{fred_glide_eval,
issn = {1610-2940},
journal = "Journal of {M}olecular {M}odeling",
pages = {47--57},
volume = {9},
publisher = {Springer-Verlag},
number = {1},
year = {2003},
title = {Binding site characteristics in structure-based virtual screening: evaluation of current docking tools},
language = {eng},
address = {Berlin/Heidelberg},
author = {Schulz-Gasch, Tanja and Stahl, Martin},
}

@article{pot_limit_ensemble,
issn = {1549-9596},
journal = "Journal of {C}hemical {I}nformation and {M}odeling",
pages = {1262--1274},
volume = {52},
publisher = {American Chemical Society},
number = {5},
year = {2012},
title = "Potential and {L}imitations of {E}nsemble {D}ocking",
language = {eng},
address = {WASHINGTON},
author = {Korb, Oliver and Olsson, Tjelvar S. G and Bowden, Simon J and Hall, Richard J and Verdonk, Marcel L and Liebeschuetz, John W and Cole, Jason C},
}

@article{cluster_perf,
issn = {1549-9618},
journal = "Journal of {C}hemical {T}heory and {C}omputation",
pages = {2312--2334},
volume = {3},
publisher = {American Chemical Society},
number = {6},
year = {2007},
title = "Clustering {M}olecular {D}ynamics {T}rajectories: 1. {C}haracterizing the {P}erformance of {D}ifferent {C}lustering {A}lgorithms",
language = {eng},
address = {WASHINGTON},
author = {Shao, Jianyin and Tanner, Stephen W and Thompson, Nephi and Cheatham, Thomas E},
}

@article{cluster_for_docking,
issn = {1687-5265},
journal = "Computational {I}ntelligence and {N}euroscience",
pages = {916240--9},
volume = {2015},
publisher = {Hindawi Limiteds},
year = {2015},
title = "Clustering {M}olecular {D}ynamics {T}rajectories for {O}ptimizing {D}ocking {E}xperiments",
language = {eng},
address = {LONDON},
author = {Renata De Paris and Christian V. Quevedo and Duncan D. Ruiz and Osmar Norberto de Souza and Rodrigo C. Barros},
}

@article{comp_cluster,
issn = {1758-2946},
journal = "Journal of {C}heminformatics",
pages = {1--26},
volume = {9},
publisher = {Springer International Publishing},
number = {1},
year = {2017},
title = "The comparison of automated clustering algorithms for resampling representative conformer ensembles with {RMSD} matrix",
language = {eng},
address = {Cham},
author = {Kim, Hyoungrae and Jang, Cheongyun and Yadav, Dharmendra K and Kim, {Mi-hyun}},
}

@article{vina_theory_practice,
author = {Sandro Cosconati and Stefano Forli and Alex L Perryman and Rodney Harris and David S Goodsell and Arthur J Olson},
title = "Virtual screening with {A}uto{D}ock: theory and practice",
journal = "Expert {O}pinion on {D}rug {D}iscovery",
volume = {5},
number = {6},
pages = {597-607},
year  = {2010},
publisher = {Taylor \& Francis},
doi = {10.1517/17460441.2010.484460},
URL = { https://doi.org/10.1517/17460441.2010.484460 },
}
@article{autodock_screen,
issn = {0022-2623},
journal = "Journal of {M}edicinal {C}hemistry",
pages = {6681--6690},
volume = {47},
publisher = {American Chemical Society},
number = {27},
year = {2004},
title = "Virtual {S}creening of {H}uman 5-{A}minoimidazole-4-carboxamide {R}ibonucleotide {T}ransformylase against the {NCI} {D}iversity {S}et by {U}se of {A}uto{D}ock to {I}dentify {N}ovel {N}onfolate {I}nhibitors",
language = {eng},
address = {Washington, DC},
author = {Li, Chenglong and Xu, Lan and Wolan, Dennis W and Wilson, Ian A and Olson, Arthur J},
}

@article{tubercolosis_screen,
issn = {0022-2623},
journal = "Journal of {M}edicinal {C}hemistry",
pages = {6627--6630},
volume = {51},
publisher = {American Chemical Society},
number = {21},
year = {2008},
title = "Structure-{B}ased {V}irtual {S}creening and {B}iological {E}valuation of {M}ycobacterium tuberculosis {A}denosine 5'-{P}hosphosulfate {R}eductase {I}nhibitors",
language = {eng},
address = {Columbus, OH},
author = {Cosconati, Sandro and Hong, Jiyoung A and Novellino, Ettore and Carroll, Kate S and Goodsell, David S and Olson, Arthur J},
}

@article{tandem_screen,
issn = {0002-7863},
journal = "Journal of the {A}merican {C}hemical {S}ociety",
pages = {16336--16337},
volume = {131},
publisher = {American Chemical Society},
number = {45},
year = {2009},
title = "Tandem {A}pplication of {V}irtual {S}creening and {NMR} {E}xperiments in the {D}iscovery of {B}rand {N}ew {DNA} {Q}uadruplex {G}roove {B}inders",
language = {eng},
address = {United States},
author = {Cosconati, Sandro and Marinelli, Luciana and Trotta, Roberta and Virno, Ada and Mayol, Luciano and Novellino, Ettore and Olson, Arthur J and Randazzo, Antonio},
}

@article{vinaforflexible,
author={Chang,Max W. and Ayeni,Christian and Breuer,Sebastian and Torbett,Bruce E.},
year={2010},
month={08},
title="Virtual {S}creening for {HIV} {P}rotease {I}nhibitors: {A} {C}omparison of {A}uto{D}ock 4 and {V}ina",
journal="PLoS One",
volume={5},
number={8},
language={English},
url={https://search-proquest-com.kuleuven.ezproxy.kuleuven.be/scholarly-journals/virtual-screening-hiv-protease-inhibitors/docview/1292168377/se-2?accountid=17215},
} 

@article{fscore,
issn = {0920-654X},
journal = "Journal of {C}omputer-aided {M}olecular {D}esign",
pages = {525--536},
volume = {17},
publisher = {Kluwer Academic Publishers},
number = {8},
year = {2003},
title = {Automated docking of ligands to an artificial active site: augmenting crystallographic analysis with computer modeling},
language = {eng},
address = {Dordrecht},
author = {Rosenfeld, Robin J and Goodsell, David S and Musah, Rabi A and Morris, Garrett M and Goodin, David B and Olson, Arthur J},
}

@article{aa-polarity,
issn = {1539-3755},
journal = "Physical {R}eview. {E}, {S}tatistical, {N}onlinear, and {S}oft {M}atter {P}hysics",
pages = {011920--011920},
volume = {75},
number = {1},
year = {2007},
title = {Amino acid hydrophobicity and accessible surface area},
language = {eng},
address = {United States},
author = {Moret, M.A and Zebende, G.F},
}

@article{ppi_successes,
issn = {1367-5931},
journal = "Current {O}pinion in {C}hemical {B}iology",
pages = {475--481},
volume = {15},
publisher = {Elsevier Ltd},
number = {4},
year = {2011},
title = {Chemical and structural lessons from recent successes in protein–protein interaction inhibition (2P2I)},
language = {eng},
address = {OXFORD},
author = {Morelli, Xavier and Bourgeas, Raphaël and Roche, Philippe},
}

@article{how_many_targets,
issn = {1474-1776},
journal = "Nature {R}eviews. {D}rug {D}iscovery",
pages = {993--996},
volume = {5},
publisher = {Nature Publishing Group},
number = {12},
year = {2006},
title = {How many drug targets are there?},
language = {eng},
address = {England},
author = {Overington, John P and Al-Lazikani, Bissan and Hopkins, Andrew L},
}

@article{cancer_inhibitor,
issn = {0027-8424},
journal = "Proceedings of the {N}ational {A}cademy of {S}ciences of the {U}nited {S}tates of {A}merica",
pages = {1778--1783},
volume = {113},
publisher = {National Academy of Sciences},
number = {7},
year = {2016},
title = {Identification of a small molecule inhibitor of 3-phosphoglycerate dehydrogenase to target serine biosynthesis in cancers},
language = {eng},
author = {Mullarky, Edouard and Lucki, Natasha C and Beheshti Zavareh R, Reza and L. Anglin, Justin and P. Gomes, Ana and Nicolay, Brandon N and C. Y. Wong, Jenny and Christen, Stefan and Takahashi, Hidenori and K. Singh, Pradeep and Blenis, John and Warren, J David and Fendt, Sarah-Maria and M. Asara, John and M. DeNicola, Gina and A. Lyssiotis, Costas and L. Lairson, Luke and C. Cantley, Lewis},
}

@article{owidcoronavirus,
    author = {Max Roser, Hannah Ritchie, Esteban Ortiz-Ospina and Joe Hasell},
    title = "Coronavirus {P}andemic ({COVID}-19)",
    journal = "{O}ur {W}orld in {D}ata",
    year = {2020},
    note = {\url{https://ourworldindata.org/coronavirus} [Online; accessed on 21st June 2021]}
}

@article{covid_review,
issn = {0970-1915},
journal = "Indian {J}ournal of {C}linical {B}iochemistry",
pages = {3--22},
volume = {36},
publisher = {Springer},
number = {1},
year = {2021},
title = "Review on {COVID-19} {E}tiopathogenesis, {C}linical {P}resentation and {T}reatment {A}vailable with {E}mphasis on {ACE2}",
language = {eng},
address = {Dordrecht},
author = {Rathi, Himani and Burman, Vishakha and Datta, Sudip Kumar and Rana, Satya Vati and Mirza, Anissa Atif and Saha, Sarama and Kumar, Raman},
}

@misc{reuters_remdesivir,
author = "{Reuters Staff}",
howpublished={\url{https://www.reuters.com/article/healthcoronavirus-gilead-remdesivir-idUSL1N2HD1UX}},
note = {[Online; accessed on 14 May 2021]}
}

@article{remdesivir_docking,
issn = {1538-0254},
journal = "Journal of {B}iomolecular {S}tructure \& {D}ynamics",
pages = {1--14},
year = {2020},
title = {Remdesivir (GS-5734) as a therapeutic option of 2019-nCOV main protease - in silico approach},
language = {eng},
keywords = {Index Medicus},
}

@article{remdesivir_meta,
author = {Afra Rezagholizadeh and Sajad Khiali and Parvin Sarbakhsh and Taher Entezari-Maleki},
title = {Remdesivir for Treatment of COVID-19; an Updated Systematic Review and Meta-analysis},
journal = {European Journal of Pharmacology},
volume = {897},
pages = {173926},
year = {2021},
keywords = {Remdesivir, COVID-19, SARS-CoV-2, Meta-analysis, Systematic review, Coronavirus},
}

@article{remdesivir_final,
issn = {0028-4793},
journal = "The {N}ew {E}ngland {J}ournal of {M}edicine",
pages = {1813--1826},
volume = {383},
publisher = {Massachusetts Medical Society},
number = {19},
year = {2020},
title = {Remdesivir for the Treatment of Covid-19 — Final Report},
language = {eng},
address = {WALTHAM},
author = {Beigel, John H and Tomashek, Kay M and Dodd, Lori E and Mehta, Aneesh K and Zingman, Barry S and Kalil, Andre C and Hohmann, Elizabeth and Chu, Helen Y and Luetkemeyer, Annie and Kline, Susan and Lopez de Castilla, Diego and Finberg, Robert W and Dierberg, Kerry and Tapson, Victor and Hsieh, Lanny and Patterson, Thomas F and Paredes, Roger and Sweeney, Daniel A and Short, William R and Touloumi, Giota and Lye, David Chien and Ohmagari, Norio and Oh, Myoung-don and Ruiz-Palacios, Guillermo M and Benfield, Thomas and Fätkenheuer, Gerd and Kortepeter, Mark G and Atmar, Robert L and Creech, C. Buddy and Lundgren, Jens and Babiker, Abdel G and Pett, Sarah and Neaton, James D and Burgess, Timothy H and Bonnett, Tyler and Green, Michelle and Makowski, Mat and Osinusi, Anu and Nayak, Seema and Lane, H. Clifford},
organization = {ACTT-1 Study Grp},
}

@article{main_protease_vs,
issn = {0045-2068},
journal = "Bioorganic {C}hemistry",
pages = {104767--104767},
volume = {110},
publisher = {Elsevier Inc},
year = {2021},
title = "Discovery of novel inhibitors against main protease ({M}pro) of {SARS-CoV-2} via virtual screening and biochemical evaluation",
copyright = {2021 Elsevier Inc.},
language = {eng},
address = {United States},
author = {Guo, Sheng and Xie, Hang and Lei, Yu and Liu, Bin and Zhang, Li and Xu, Yechun and Zuo, Zhili},
}

@article{3covid_proteins,
issn = {2095-1779},
journal = "Journal Of {P}harmaceutical {A}nalysis",
pages = {320--328},
volume = {10},
publisher = {Elsevier},
number = {4},
year = {2020},
title = "Structural elucidation of {SARS-CoV-2} vital proteins: {C}omputational methods reveal potential drug candidates against main protease, {N}sp12 polymerase and {N}sp13 helicase",
language = {eng},
author = {Mirza, Muhammad Usman and Froeyen, Matheus},
}

@article{papain-like,
issn = {2296-2646},
journal = "Frontiers in {C}hemistry",
pages = {594009--594009},
volume = {8},
publisher = {FRONTIERS MEDIA SA},
year = {2020},
title = "Repurposing {K}nown {D}rugs as {C}ovalent and {N}on-covalent {I}nhibitors of the {SARS-CoV-2} {P}apain-{L}ike {P}rotease",
copyright = {Copyright 2020 Elsevier B.V., All rights reserved.},
language = {eng},
address = {LAUSANNE},
author = {Delre, Pietro and Caporuscio, Fabiana and Saviano, Michele and Mangiatordi, Giuseppe Felice},
}

@article{hcq_inhibitor,
issn = {1359-7345},
journal = "Chemical {C}ommunications ({C}ambridge, {E}ngland)",
pages = {8854--8856},
volume = {56},
publisher = {ROYAL SOC CHEMISTRY},
number = {62},
year = {2020},
title = "Interaction of hydroxychloroquine with {SARS-CoV2} functional proteins using all-atoms non-equilibrium alchemical simulations",
language = {eng},
address = {CAMBRIDGE},
author = {Procacci, Piero and Macchiagodena, Marina and Pagliai, Marco and Guarnieri, Guido and Iannone, Francesco},
}

@article{covid_proteins,
issn = {1439-4227},
journal = "Chembiochem : a {E}uropean {J}ournal of {C}hemical {B}iology",
pages = {730--738},
volume = {21},
publisher = {WILEY-V C H VERLAG GMBH},
number = {5},
year = {2020},
title = "Learning from the {P}ast: {P}ossible {U}rgent {P}revention and {T}reatment {O}ptions for {S}evere {A}cute {R}espiratory {I}nfections {C}aused by {2019‐nCoV}",
language = {eng},
address = {WEINHEIM},
author = {Morse, Jared S and Lalonde, Tyler and Xu, Shiqing and Liu, Wenshe Ray},
}

@article{rdrp_model,
issn = {0305-1048},
journal = "Nucleic {A}cids {R}esearch",
pages = {7117--7130},
volume = {31},
publisher = {OXFORD UNIV PRESS},
number = {24},
year = {2003},
title = "Molecular model of {SARS} coronavirus polymerase: {I}mplications for biochemical functions and drug design",
language = {eng},
address = {OXFORD},
author = {Xu, Xiang and Liu, Yunqing and Weiss, Susan and Arnold, Eddy and Sarafianos, Stefan G and Ding, Jianping},
}

@article{rdrp_structure,
issn = {1552-4450},
journal = "Nature {C}hemical {B}iology",
pages = {712--712},
volume = {16},
publisher = {NATURE PUBLISHING GROUP},
number = {7},
year = {2020},
title = "Groovy {RNA} polymerase Science 368, 779-782 (2020) Cell {https://doi.org/10.1016/j.cell. 2020.05.034 (2020)}",
language = {eng},
address = {NEW YORK},
author = {Bucci, Mirella},
}

@book{drug_design_book,
issn = {1-4987-0278-3},
publisher = {CRC Press, Taylor \& Francis Group},
isbn = {1498702791},
year = {2017},
title = {Textbook of drug design and discovery},
edition = {Fifth edition.},
address = {Boca Raton ; London ; New York},
keywords = {Drugs Design.},
editor = {Kristian Str{\o}mgaard and Povl Krogsgaard-Larsen and Ulf Madsen}
}

@article{hts,
issn = {0007-1188},
journal = "British {J}ournal of {P}harmacology",
pages = {53--61},
volume = {152},
publisher = {Blackwell Publishing Ltd},
number = {1},
year = {2007},
title = {Origin and evolution of high throughput screening},
copyright = {2007 British Pharmacological Society},
language = {eng},
address = {Oxford, UK},
author = {Pereira, D A and Williams, J A},
}

@article{hybrid_structure_methods,
issn = {0021-9606},
journal = "The Journal of {C}hemical {P}hysics",
pages = {240901--240901},
volume = {153},
publisher = {AMER INST PHYSICS},
number = {24},
year = {2020},
title = {Hybrid methods for combined experimental and computational determination of protein structure},
copyright = {Author(s)},
language = {eng},
address = {MELVILLE},
author = {Seffernick, Justin T and Lindert, Steffen},
}

@Inbook{xray,
author="Ilari, Andrea and Savino, Carmelinda",
title="Protein {S}tructure {D}etermination by {X-Ray} {C}rystallography",
bookTitle="Bioinformatics: {D}ata, {S}equence {A}nalysis and {E}volution",
year="2008",
publisher="Humana Press",
address="Totowa, NJ",
pages="63--87",
isbn="978-1-60327-159-2",
doi="10.1007/978-1-60327-159-2_3",
url="https://doi.org/10.1007/978-1-60327-159-2_3"
}

@article{nmr,
title = "{NMR}-based automated protein structure determination",
journal = "Archives of {B}iochemistry and {B}iophysics",
volume = {628},
pages = {24-32},
year = {2017},
note = {Nuclear Magnetic Resonance},
issn = {0003-9861},
doi = {https://doi.org/10.1016/j.abb.2017.02.011},
url = {https://www.sciencedirect.com/science/article/pii/S0003986117301431},
author = {Julia M. W\"urz and Sina Kazemi and Elena Schmidt and Anurag Bagaria and Peter G\"untert},
keywords = {Peak picking, Resonance assignment, NOE assignment, Structure calculation, FLYA, CYANA},
}

@article{cryo-electron,
AUTHOR = {Nwanochie, Emeka and Uversky, Vladimir N.},
TITLE = "Structure {D}etermination by {S}ingle-{P}article {C}ryo-{E}lectron {M}icroscopy: {O}nly the {S}ky (and {I}ntrinsic {D}isorder) is the {L}imit",
JOURNAL = "International {J}ournal of {M}olecular {S}ciences",
VOLUME = {20},
YEAR = {2019},
NUMBER = {17},
ISSN = {1422-0067},
}

@article{genome3d,
issn = {0305-1048},
journal = "Nucleic {A}cids {R}esearch",
pages = {D382--D386},
volume = {43},
publisher = {OXFORD UNIV PRESS},
number = {1},
year = {2015},
title = "Genome{3D}: {E}xploiting structure to help users understand their sequences",
copyright = {Copyright 2015 Elsevier B.V., All rights reserved.},
language = {eng},
address = {OXFORD},
author = {Lewis, Tony E and Sillitoe, Ian and Andreeva, Antonina and Blundell, Tom L and Buchan, Daniel W. A and Chothia, Cyrus and Cozzetto, Domenico and Dana, Jos\'e M and Filippis, Ioannis and Gough, Julian and Jones, David T and Kelley, Lawrence A and Kleywegt, Gerard J and Minneci, Federico and Mistry, Jaina and Murzin, Alexey G and Ochoa-Monta\~no, Bernardo and Oates, Matt E and Punta, Marco and Rackham, Owen J. L and Stahlhacke, Jonathan and Sternberg, Michael J.E and Velankar, Sameer and Orengo, Christine},
}

@article{ensembler,
issn = {1553-734X},
journal = "PLoS {C}omputational {B}iology",
pages = {e1004728--e1004728},
volume = {12},
publisher = {PUBLIC LIBRARY SCIENCE},
number = {6},
year = {2016},
title = "Ensembler: {E}nabling {H}igh-{T}hroughput {M}olecular {S}imulations at the {S}uperfamily {S}cale",
copyright = {Copyright 2017 Elsevier B.V., All rights reserved.},
language = {eng},
address = {SAN FRANCISCO},
author = {Parton, Daniel L and Grinaway, Patrick B and Hanson, Sonya M and Beauchamp, Kyle A and Chodera, John D},
}

@article{alphafold,
issn = {1367-4803},
journal = "Bioinformatics",
pages = {4862--4865},
volume = {35},
publisher = {Oxford University Press},
number = {22},
year = {2019},
title = "Alpha{F}old at {CASP13}",
language = {eng},
address = {OXFORD},
author = {AlQuraishi, Mohammed},
}

@article{structure-based,
issn = {0036-8075},
journal = "Science ({A}merican {A}ssociation for the {A}dvancement of {S}cience)",
pages = {1078--1082},
volume = {257},
publisher = {American Society for the Advancement of Science},
number = {5073},
year = {1992},
title = "Structure-{B}ased {S}trategies for {D}rug {D}esign and {D}iscovery",
language = {eng},
address = {WASHINGTON},
author = {Irwin D. Kuntz},
}

@article{virtual_screening,
issn = {1359-6446},
journal = "Drug {D}iscovery {T}oday",
pages = {160--178},
volume = {3},
publisher = {ELSEVIER SCI LTD},
number = {4},
year = {1998},
title = {Virtual screening - An overview},
copyright = {Copyright 2006 Elsevier B.V., All rights reserved.},
language = {eng},
address = {OXFORD},
author = {Patrick Walters, W and Stahl, Matthew T and Murcko, Mark A},
}

@article{protein_flexibility,
issn = {1474-1776},
journal = "Nature {R}eviews. {D}rug {D}iscovery",
pages = {527--541},
volume = {2},
publisher = {NATURE PUBLISHING GROUP},
number = {7},
year = {2003},
title = {Implications of protein flexibility for drug discovery},
copyright = {Copyright 2018 Elsevier B.V., All rights reserved.},
language = {eng},
address = {LONDON},
author = {Teague, Simon J},
}

@article{protein_flexibility2,
issn = {0026-895X},
journal = "Molecular {P}harmacology",
pages = {213--218},
volume = {57},
publisher = {AMER SOC PHARMACOLOGY EXPERIMENTAL THERAPEUTICS},
number = {2},
year = {2000},
title = {Accommodating protein flexibility in computational drug design},
copyright = {Copyright 2007 Elsevier B.V., All rights reserved. Medline is the source for the MeSH terms of this document.},
language = {eng},
address = {BETHESDA},
author = {Carlson, Heather A and McCammon, J. Andrew},
organization = {Pacific Northwest National Lab., Richland, WA (US), Environmental Molecular Sciences Laboratory (US)},
}

@article{induced-fit,
issn = {0036-8075},
journal = "Science ({A}merican {A}ssociation for the {A}dvancement of {S}cience)",
pages = {954--955},
volume = {254},
publisher = {American Society for the Advancement of Science},
number = {5034},
year = {1991},
title = "Rusting of the {L}ock and {K}ey {M}odel for {P}rotein-{L}igand {B}inding",
copyright = {Copyright 1991 American Association for the Advancement of Science},
language = {eng},
address = {WASHINGTON},
author = {William L. Jorgensen},
}

@article{lock-key_vs_induced-fit,
issn = {0036-6811},
journal = "School {S}cience {R}eview",
pages = {9},
volume = {93},
publisher = {Association for Science Education (UK)},
number = {342},
year = {2011},
title = {The lock and key model versus the induced fit model of enzyme action},
language = {eng},
author = {Talbot, Christopher},
}

@article{first_induced-fit,
issn = {0027-8424},
journal = "Proceedings of the {N}ational {A}cademy of {S}ciences - {PNAS}",
pages = {98--104},
volume = {44},
publisher = {National Academy of Sciences of the United States of America},
number = {2},
year = {1958},
title = "Application of a {T}heory of {E}nzyme {S}pecificity to {P}rotein {S}ynthesis",
language = {eng},
author = {D. E. Koshland},
}

@article{conf_selection1,
issn = {0036-8075},
journal = "Science ({A}merican {A}ssociation for the {A}dvancement of {S}cience)",
pages = {1598--1603},
volume = {254},
publisher = {American Society for the Advancement of Science},
number = {5038},
year = {1991},
title = "The {E}nergy {L}andscapes and {M}otions of {P}roteins",
copyright = {Copyright 1991 American Association for the Advancement of Science},
language = {eng},
address = {WASHINGTON},
author = {Hans Frauenfelder and Stephen G. Sligar and Peter G. Wolynes},
}

@article{conf_selection2,
issn = {0961-8368},
journal = "Protein {S}cience",
pages = {1181--1190},
volume = {8},
publisher = {Cambridge University Press},
number = {6},
year = {1999},
title = "Folding funnels, binding funnels, and protein function",
copyright = {1999 The Protein Society},
language = {eng},
address = {Bristol},
author = {Tsai, Chung-Jung and Kumar, Sandeep and Ma, Buyong and Nussinov, Ruth},
}

@article{kras,
issn = {0028-0836},
journal = "Nature ({L}ondon)",
pages = {548--551},
volume = {503},
publisher = {NATURE PUBLISHING GROUP},
number = {7477},
year = {2013},
title = "K-{R}as({G12C}) inhibitors allosterically control {GTP} affinity and effector interactions",
language = {eng},
address = {LONDON},
author = {Ostrem, Jonathan M and Peters, Ulf and Sos, Martin L and Wells, James A and Shokat, Kevan M},
}

@article{crystal_ensemble1,
issn = {0887-3585},
journal = "Proteins, {S}tructure, {F}unction, and {B}ioinformatics",
pages = {399--421},
volume = {66},
publisher = {Wiley Subscription Services, Inc., A Wiley Company},
number = {2},
year = {2007},
title = {Ensemble docking of multiple protein structures: Considering protein structural variations in molecular docking},
language = {eng},
address = {Hoboken},
author = {Huang, Sheng‐You and Zou, Xiaoqin},
}

@article{crystal_ensemble2,
issn = {1549-9596},
journal = "Journal of {C}hemical {I}nformation and {M}odeling",
pages = {1121--1131},
volume = {58},
publisher = {American Chemical Society},
number = {5},
year = {2018},
title = "{P}lasticity of the {B}inding {S}ite of {R}enin: {O}ptimized {S}election of {P}rotein {S}tructures for {E}nsemble {D}ocking",
copyright = {Copyright 2018 Elsevier B.V., All rights reserved.},
language = {eng},
address = {WASHINGTON},
author = {Strecker, Claas and Meyer, Bernd},
}

@article{rosettarelax,
issn = {0036-8075},
journal = "Science ({A}merican {A}ssociation for the {A}dvancement of {S}cience)",
pages = {1868--1871},
volume = {309},
publisher = {American Association for the Advancement of Science},
number = {5742},
year = {2005},
title = "Toward {H}igh-{R}esolution de {N}ovo {S}tructure {P}rediction for {S}mall {P}roteins",
copyright = {Copyright 2005 American Association for the Advancement of Science},
language = {eng},
address = {WASHINGTON},
author = {Philip Bradley and Kira M. S. Misura and David Baker},
}

@article{nonequilibrium,
issn = {1745-2473},
journal = "Nature {P}hysics",
pages = {171--174},
volume = {12},
publisher = {NATURE PUBLISHING GROUP},
number = {2},
year = {2016},
title = {The dynamics of single protein molecules is non-equilibrium and self-similar over thirteen decades in time},
copyright = {Copyright 2016 Elsevier B.V., All rights reserved.},
language = {eng},
address = {LONDON},
author = {Hu, Xiaohu and Hong, Liang and Dean Smith, Micholas and Neusius, Thomas and Cheng, Xiaolin and Smith, Jeremy C},
}

@inproceedings{anton,
  title="Millisecond-scale molecular dynamics simulations on {A}nton. ACM",
  author={Shaw, DE and Dror, RO and Salmon, JK and Grossman, JP and Mackenzie, KM and Bank, JA and Young, C and Deneroff, MM and Batson, B and Bowers, KJ and others},
  booktitle={IEEE Conference on Supercomputing (SC09)},
  year={2009}
}

@article{umbrella,
issn = {0021-9991},
journal = "Journal of {C}omputational {P}hysics",
pages = {187--199},
volume = {23},
publisher = {Elsevier Inc},
number = {2},
year = {1977},
title = "Nonphysical sampling distributions in {M}onte {C}arlo free-energy estimation: {U}mbrella sampling",
copyright = {1977},
language = {eng},
author = {Torrie, G.M and Valleau, J.P},
}

@article{steered_md,
issn = {0021-9991},
journal = "Journal of {C}omputational {P}hysics",
pages = {190--211},
volume = {151},
publisher = {Elsevier Inc},
number = {1},
year = {1999},
title = "Reconstructing {P}otentials of {M}ean {F}orce through {T}ime {S}eries {A}nalysis of {S}teered {M}olecular {D}ynamics {S}imulations",
copyright = {1999 Academic Press},
language = {eng},
address = {SAN DIEGO},
author = {Gullingsrud, Justin R and Braun, Rosemary and Schulten, Klaus},
}

@article{metadynamics,
issn = {0034-4885},
journal = "Reports on {P}rogress in {P}hysics",
pages = {126601},
volume = {71},
publisher = {IOP Publishing},
number = {12},
year = {2008},
title = {Metadynamics: a method to simulate rare events and reconstruct the free energy in biophysics, chemistry and material science},
copyright = {Copyright 2009 Elsevier B.V., All rights reserved.},
language = {eng},
address = {BRISTOL},
author = {Laio, Alessandro and Gervasio, Francesco L},
}

@article{jedi,
issn = {1549-9618},
journal = "Journal of {C}hemical {T}heory and {C}omputation",
pages = {1292--1307},
volume = {11},
publisher = {American Chemical Society},
number = {3},
year = {2015},
title = "A {C}ollective {V}ariable for the {R}apid {E}xploration of {P}rotein {D}ruggability",
language = {eng},
address = {WASHINGTON},
author = {Cuchillo, Re\'mi and Pinto-Gil, Kevin and Michel, Julien},
}

@article{replica_exchange,
issn = {0009-2614},
journal = "Chemical {P}hysics {L}etters",
pages = {141--151},
volume = {314},
publisher = {Elsevier B.V},
number = {1-2},
year = {1999},
title = "Replica-exchange molecular dynamics method for protein folding",
copyright = {1999 Elsevier Science B.V.},
language = {eng},
address = {AMSTERDAM},
author = {Sugita, Yuji and Okamoto, Yuko},
}

@article{swish_test,
issn = {1549-9618},
journal = "Journal of {C}hemical {T}heory and {C}omputation",
pages = {3321--3331},
volume = {14},
publisher = {American Chemical Society},
number = {6},
year = {2018},
title = "Exploring {C}ryptic {P}ockets {F}ormation in {T}argets of {P}harmaceutical {I}nterest with {SWISH}",
copyright = {Copyright 2018 Elsevier B.V., All rights reserved.},
language = {eng},
address = {WASHINGTON},
author = {Comitani, Federico and Gervasio, Francesco Luigi},
}

@article{vs_review,
issn = {1550-7416},
journal = "The {AAPS} {J}ournal",
pages = {133--141},
volume = {14},
publisher = {Springer US},
number = {1},
year = {2012},
title = "Structure-{B}ased {V}irtual {S}creening for {D}rug {D}iscovery: a {P}roblem-{C}entric {R}eview",
language = {eng},
address = {Boston},
author = {Cheng, Tiejun and Li, Qingliang and Zhou, Zhigang and Wang, Yanli and Bryant, Stephen H},
}

@inproceedings{krmsd_clustering,
series = {Lecture Notes in Computer Science},
issn = {0302-9743},
pages = {342--353},
volume = {10334},
publisher = {Springer International Publishing},
booktitle = {Hybrid Artificial Intelligent Systems},
isbn = {3319596497},
year = {2017},
title = "Visual {C}lustering {A}pproach for {D}ocking {R}esults from {V}ina and {A}uto{D}ock",
copyright = {Springer International Publishing AG 2017},
language = {eng},
address = {Cham},
author = {Varela-Salinas, G\'enesis and Garc\'ia-P\'erez, Carlos Armando and Pel\'aez, Rafael and Rodr\'iguez, Adolfo J},
}

@article{zinc,
author = {Sterling, Teague and Irwin, John J.},
title = "{ZINC} 15 -- {L}igand {D}iscovery for {E}veryone",
journal = "Journal of {C}hemical {I}nformation and {M}odeling",
volume = {55},
number = {11},
pages = {2324-2337},
year = {2015},
}

@article{pubchem,
    author = {Kim, Sunghwan and Chen, Jie and Cheng, Tiejun and Gindulyte, Asta and He, Jia and He, Siqian and Li, Qingliang and Shoemaker, Benjamin A and Thiessen, Paul A and Yu, Bo and Zaslavsky, Leonid and Zhang, Jian and Bolton, Evan E},
    title = "{PubChem in 2021: new data content and improved web interfaces}",
    journal = "Nucleic {A}cids {R}esearch",
    volume = {49},
    number = {D1},
    pages = {D1388-D1395},
    year = {2020},
    month = {11},
    issn = {0305-1048},
}

@article{autodock_raccoon,
issn = {1754-2189},
journal = "Nature {P}rotocols",
pages = {905--919},
volume = {11},
publisher = {NATURE PUBLISHING GROUP},
number = {5},
year = {2016},
title = {Computational protein-ligand docking and virtual drug screening with the AutoDock suite},
copyright = {Copyright 2018 Elsevier B.V., All rights reserved.},
language = {eng},
address = {LONDON},
author = {Forli, Stefano and Huey, Ruth and Pique, Michael E and Sanner, Michel F and Goodsell, David S and Olson, Arthur J},
}

@article{7b3b,
issn = {2041-1723},
journal = "Nature {C}ommunications",
pages = {279--279},
volume = {12},
publisher = {Nature Publishing Group},
number = {1},
year = {2021},
title = "Mechanism of {SARS-CoV-2} polymerase stalling by remdesivir",
language = {eng},
address = {England},
author = {Kokic, Goran and Hillen, Hauke S and Tegunov, Dimitry and Dienemann, Christian and Seitz, Florian and Schmitzova, Jana and Farnung, Lucas and Siewert, Aaron and Höbartner, Claudia and Cramer, Patrick},
}

@article{docking_2009,
issn = {0952-3499},
journal = "Journal of {M}olecular {R}ecognition",
pages = {149--164},
volume = {24},
publisher = {John Wiley \& Sons, Ltd},
number = {2},
year = {2011},
title = {Challenges and advances in computational docking: 2009 in review},
language = {eng},
address = {Chichester, UK},
author = {Yuriev, Elizabeth and Agostino, Mark and Ramsland, Paul A},
}

@article{docking_2013,
issn = {0952-3499},
journal = "Journal of {M}olecular {R}ecognition",
pages = {581--604},
volume = {28},
publisher = {Blackwell Publishing Ltd},
number = {10},
year = {2015},
title = {Improvements, trends, and new ideas in molecular docking: 2012-2013 in review},
language = {eng},
address = {HOBOKEN},
author = {Yuriev, Elizabeth and Holien, Jessica and Ramsland, Paul A},
}

@article{autodock_1990,
author = {Goodsell, David S. and Olson, Arthur J.},
title = {Automated docking of substrates to proteins by simulated annealing},
journal = "Proteins",
volume = {8},
number = {3},
pages = {195-202},
year = {1990}
}

@article{docking_ml,
issn = {1759-0876},
journal = "Wiley {I}nterdisciplinary {R}eviews. {C}omputational {M}olecular {S}cience",
volume = {10},
publisher = {Wiley Periodicals, Inc},
number = {1},
year = {2020},
title = "From machine learning to deep learning: {A}dvances in scoring functions for protein–ligand docking",
copyright = {2019 Wiley Periodicals, Inc.},
language = {eng},
address = {Hoboken, USA},
author = {Shen, Chao and Ding, Junjie and Wang, Zhe and Cao, Dongsheng and Ding, Xiaoqin and Hou, Tingjun},
}

@book{algs_for_opt,
author = {Kochenderfer, Mykel J. and Wheeler, Tim A.},
title = "Algorithms for {O}ptimization",
year = {2019},
isbn = {0262039427},
publisher = {The MIT Press},
}

@article{mixmd,
issn = {1520-6106},
journal = "The {J}ournal of {P}hysical {C}hemistry. {B}",
pages = {8685--8695},
volume = {120},
publisher = {American Chemical Society},
number = {33},
year = {2016},
title = "Moving {B}eyond {A}ctive-{S}ite {D}etection: {MixMD} {A}pplied to {A}llosteric {S}ystems",
language = {eng},
address = {WASHINGTON},
author = {Ghanakota, Phani and Carlson, Heather A},
}

@article{druggability_from_probes,
issn = {1549-9618},
journal = "Journal of {C}hemical {T}heory and {C}omputation",
pages = {2435--2447},
volume = {8},
publisher = {American Chemical Society},
number = {7},
year = {2012},
title = "Druggability {A}ssessment of {A}llosteric {P}roteins by {D}ynamics {S}imulations in the {P}resence of {P}robe {M}olecules",
language = {eng},
address = {WASHINGTON},
author = {Bakan, Ahmet and Nevins, Neysa and Lakdawala, Ami S and Bahar, Ivet},
}

@article{parmed,
issn = {0920-654X},
journal = "Journal of {C}omputer-aided {M}olecular {D}esign",
pages = {147--161},
volume = {31},
publisher = {Springer International Publishing},
number = {1},
year = {2017},
title = "Lessons learned from comparing molecular dynamics engines on the {SAMPL5} dataset",
language = {eng},
address = {Cham},
author = {Shirts, Michael R and Shirts, Michael R and Klein, Christoph and Klein, Christoph and Swails, Jason M and Swails, Jason M and Yin, Jian and Yin, Jian and Gilson, Michael K and Gilson, Michael K and Mobley, David L and Mobley, David L and Case, David A and Case, David A and Zhong, Ellen D and Zhong, Ellen D},
}

@Inbook{density_clustering,
author="Sander, Joerg",
editor="Sammut, Claude and Webb, Geoffrey I.",
title="Density-{B}ased {C}lustering",
bookTitle="Encyclopedia of Machine Learning",
year="2010",
publisher="Springer US",
address="Boston, MA",
pages="270--273",
isbn="978-0-387-30164-8",
}

@misc{cpptraj_clustering,
howpublished={\url{https://amberhub.chpc.utah.edu/cluster/}},
note = {[Online; accessed on 14 May 2021]}
}

@article{cpptraj,
author = {Roe, Daniel R. and Cheatham, Thomas E.},
title = "{PTRAJ} and {CPPTRAJ}: {S}oftware for {P}rocessing and {A}nalysis of {M}olecular {D}ynamics {T}rajectory {D}ata",
journal = "Journal of {C}hemical {T}heory and {C}omputation",
volume = {9},
number = {7},
pages = {3084-3095},
year = {2013},
doi = {10.1021/ct400341p},
}

@article{fpocket,
issn = {1471-2105},
journal = "{BMC} {B}ioinformatics",
pages = {168--168},
volume = {10},
publisher = {BMC},
number = {1},
year = {2009},
title = "Fpocket: {A}n open source platform for ligand pocket detection",
copyright = {Copyright 2013 Elsevier B.V., All rights reserved.},
language = {eng},
address = {LONDON},
author = {Le Guilloux, Vincent and Schmidtke, Peter and Tuffery, Pierre},
}

@article{tanimoto,
issn = {1758-2946},
journal = "Journal of {C}heminformatics",
pages = {1--13},
volume = {7},
publisher = {Springer International Publishing},
number = {1},
year = {2015},
title = "Why is {T}animoto index an appropriate choice for fingerprint-based similarity calculations?",
copyright = {Bajusz et al. 2015},
language = {eng},
address = {Cham},
author = {Bajusz, D\'avid and R\'acz, Anita and H\'eberger, K\'aroly},
}

@misc{rdkit,
  title = "{RDK}it: Open-source cheminformatics",
  howpublished = {\url{http://www.rdkit.org}},
  note = {[Online; accessed 15 May 2021]},
  key = {RDKit, online}
}

@misc{amber18,
  author = "{Case, D. A.; et al. {\it AMBER 18}; University of California: San Fransisco}",
  year = "2018"
}

@misc{deshaw,
  author = "{D. E. Shaw Research}",
  title = "Molecular {D}ynamics {S}imulations {R}elated to {SARS-CoV-2}",
  note = "{D. E. Shaw Research Technical Data}",
  year = "2020",
  howpublished = "\url{https://www.deshawresearch.com/downloads/download_trajectory_sarscov2.cgi/}"
}

@article{packmol,
issn = {0192-8651},
journal = "Journal of {C}omputational {C}hemistry",
pages = {2157--2164},
volume = {30},
publisher = {Wiley Subscription Services, Inc., A Wiley Company},
number = {13},
year = {2009},
title = "{PACKMOL}: A package for building initial configurations for molecular dynamics simulations",
language = {eng},
address = {Hoboken},
author = {Mart\'inez, L and Andrade, R and Birgin, E. G and Mart\'inez, J. M},
}

@article{openbabel,
issn = {1758-2946},
journal = "Journal of {C}heminformatics",
pages = {1--14},
volume = {3},
publisher = {Chemistry Central},
number = {1},
year = {2011},
title = "Open {B}abel: {A}n open chemical toolbox",
copyright = {BioMed Central Ltd 2011},
language = {eng},
address = {Chemistry Central},
author = {O'Boyle, Noel M and Banck, Michael and James, Craig A and Morley, Chris and Vandermeersch, Tim and Hutchison, Geoffrey R},
}

@article{6m71,
issn = {0036-8075},
journal = "Science ({A}merican {A}ssociation for the {A}dvancement of {S}cience)",
pages = {779--782},
volume = {368},
publisher = {AMER ASSOC ADVANCEMENT SCIENCE},
number = {6492},
year = {2020},
title = "Structure of the {RNA}-dependent {RNA} polymerase from {COVID-19} virus",
language = {eng},
address = {WASHINGTON},
author = {Gao, Yan and Yan, Liming and Huang, Yucen and Liu, Fengjiang and Zhao, Yao and Cao, Lin and Wang, Tao and Sun, Qianqian and Ming, Zhenhua and Zhang, Lianqi and Ge, Ji and Zheng, Litao and Zhang, Ying and Wang, Haofeng and Zhu, Yan and Zhu, Chen and Hu, Tianyu and Hua, Tian and Zhang, Bing and Yang, Xiuna and Li, Jun and Yang, Haitao and Liu, Zhijie and Xu, Wenqing and Guddat, Luke W and Wang, Quan and Lou, Zhiyong and Rao, Zihe},
}

@article{autodocktools,
  volume = "16",
  year = "2009",
  title = "{AutoDock4} and {AutoDockTools4}: {A}utomated docking with selective receptor flexibility",
  pages = "2785-2791",
  author = "Morris, Garrett M and Huey, Ruth and Lindstrom, William and Sanner, Michel F and Belew, Richard K and Goodsell, David S and Olson, Arthur J",
  journal = "Journal of {C}omputational {C}hemistry",
}

@software{pymol,
  author={Schr\"odinger, LLC and Warren DeLano},
  title={PyMOL},
  url={http://www.pymol.org/pymol},
  version = {2.4.0},
  date = {2020-05-20},
}

@article{md_for_ensemble,
author = {Bolstad, Erin S. D. and Anderson, Amy C.},
title = "In pursuit of virtual lead optimization: {T}he role of the receptor structure and ensembles in accurate docking",
journal = "Proteins: {S}tructure, {F}unction, and {B}ioinformatics",
volume = {73},
number = {3},
pages = {566-580},
year = {2008}
}

@article{amino_acid_hydrophobicity,
issn = {1539-3755},
journal = "Physical {R}eview. {E}, {S}tatistical, {N}onlinear, and {S}oft {M}atter {P}hysics",
pages = {011920--011920},
volume = {75},
number = {1},
year = {2007},
title = {Amino acid hydrophobicity and accessible surface area},
language = {eng},
address = {United States},
author = {Moret, M.A and Zebende, G.F},
}

@misc{amberhub,
author = "{Amber developers}",
howpublished={\url{https://amberhub.chpc.utah.edu/}},
note = {[Online; accessed on 30 May 2021]}
}

